<record><leader>00000cas a22000007a 4500</leader><controlfield tag="001">12903547</controlfield><controlfield tag="008">851213d19241926wiuwr ne      0    0eng d</controlfield><datafield ind1=" " ind2=" " tag="010"><subfield code="a">sn 85041582 </subfield></datafield><datafield ind1=" " ind2=" " tag="040"><subfield code="a">NPV</subfield><subfield code="b">eng</subfield><subfield code="c">NPV</subfield><subfield code="d">OCLCQ</subfield></datafield><datafield ind1=" " ind2=" " tag="042"><subfield code="a">msc</subfield></datafield><datafield ind1=" " ind2=" " tag="045"><subfield code="a">x2x2</subfield></datafield><datafield ind1=" " ind2=" " tag="052"><subfield code="a">4123</subfield><subfield code="b">G7</subfield><subfield code="b">D3</subfield></datafield><datafield ind1="0" ind2="0" tag="245"><subfield code="a">New Glarus post and Belleville recorder.</subfield></datafield><datafield ind1="1" ind2="7" tag="246"><subfield code="a">Post</subfield></datafield><datafield ind1="1" ind2="3" tag="246"><subfield code="a">Belleville recorder</subfield></datafield><datafield ind1="1" ind2="3" tag="246"><subfield code="a">New Glarus post</subfield></datafield><datafield ind1=" " ind2=" " tag="260"><subfield code="a">New Glarus, Wis. :</subfield><subfield code="b">A.J. Theiler,</subfield><subfield code="c">1924-1926.</subfield></datafield><datafield ind1=" " ind2=" " tag="300"><subfield code="a">2 v. :</subfield><subfield code="b">ill.</subfield></datafield><datafield ind1=" " ind2=" " tag="310"><subfield code="a">Weekly</subfield></datafield><datafield ind1="0" ind2=" " tag="362"><subfield code="a">Vol. 12, no. 43 (July 9, 1924)-v. 13, no. 39 (June 2, 1926).</subfield></datafield><datafield ind1=" " ind2=" " tag="500"><subfield code="a">Added masthead: Belleville recorder.</subfield></datafield><datafield ind1=" " ind2=" " tag="530"><subfield code="a">Available on microfilm from The State Historical Society of Wisconsin.</subfield></datafield><datafield ind1=" " ind2=" " tag="752"><subfield code="a">United States</subfield><subfield code="b">Wisconsin</subfield><subfield code="c">Green</subfield><subfield code="d">New Glarus.</subfield></datafield><datafield ind1=" " ind2=" " tag="752"><subfield code="a">United States</subfield><subfield code="b">Wisconsin</subfield><subfield code="c">Dane</subfield><subfield code="d">Belleville.</subfield></datafield><datafield ind1="0" ind2="4" tag="780"><subfield code="t">Belleville recorder (Belleville, Wis. : 1912)</subfield><subfield code="w">(DLC)sn 85040322</subfield></datafield><datafield ind1="0" ind2="4" tag="780"><subfield code="t">New Glarus post (New Glarus, Wis. : 1902)</subfield><subfield code="w">(DLC)sn 85041581</subfield></datafield><datafield ind1="0" ind2="6" tag="785"><subfield code="t">New Glarus post (New Glarus, Wis. : 1926)</subfield><subfield code="w">(DLC)sn 85041583</subfield></datafield><datafield ind1="0" ind2="6" tag="785"><subfield code="t">Belleville recorder (Belleville, Wis. : 1926)</subfield><subfield code="w">(DLC)sn 85040323</subfield></datafield></record>